@inproceedings{RoD01B,
	author="A. Rowstron and P. Druschel",
	title="Pastry: Scalable, distributed object location and routing for large-scale peer-to-peer systems",
	booktitle="Proceedings of the 18th IFIP/ACM International Conference on Distributed Systems Platforms",
	year=2001,
	misc="To appear"
}

@inproceedings{RKC01,
	author="A. Rowstron and A. M. Kermarrec and M. Castro and P. Druschel",
	title="{SCRIBE}: The design of a large-scale event notification infrastructure",
	booktitle="Proceedings of the Third International Workshop on Networked Group Communications",
	year=2001,
	misc="To appear"
}

@inproceedings{DrR01,
	author="P. Druschel and A. Rowstron",
	title="{PAST}: A large-scale, persistent peer-to-peer storage utility",
	booktitle="Proceedings of Eighth Workshop on Hot Topics in Operating Systems",
	year=2001,
	misc="To appear"
}

@inproceedings{RoD01A,
	author="A. Rowstron and P. Druschel",
	title="Storage management and caching in {PAST}, a large-scale, persistent peer-to-peer storage utility",
	booktitle="Proceedings of the 18th ACM Symposium on Operating Systems Principles",
	year=2001
}

@inproceedings{RFH01,
	author="S. Ratnasamy and P. Francis and M. Handley and R. Karp and S. Shenker",
	title="A scalable content-addressable network",
	booktitle="Proceedings of ACM SIGCOMM'01",
	year=2001
}

@inproceedings{SMK01,
	author="I. Stoica and R. Morris and D. Karger and M. F. Kaashoek and H. Balakrishnan",
	title="Chord: A scalable peer-to-peer lookup service for {I}nternet applications",
	booktitle="Proceedings of ACM SIGCOMM'01",
	year=2001
}

@techreport{ZKJ01,
	author="B. Y. Zhao and J. D. Kubiatowicz and A. D. Joseph",
	title="Tapestry: An infrastructure for fault-resilient wide-area location and routing",
	institution="U.C. Berkeley",
	number="UCB//CSD-01-1141",
	year=2001
}

@misc{Nap,
	title="Napster",
	howpublished="\url{http://www.napster.com/}"
}

@misc{Gnu,
	author="Clip2",
	title="The {G}nutella protocol specification",
	howpublished="\url{http://www.clip2.com/GnutellaProtocol04.pdf}",
	year=2000
}

@inproceedings{CSW00,
	author="I. Clarke and O. Sandberg and B. Wiley and T. W. Hong",
	title="Free{N}et: A distributed anonymous information storage and retrieval system",
	booktitle="Workshop on Design Issues in Anonymity and Unobservability",
	pages="311--320",
	year=2000
}

@book{MR96
,        author = "R. Motwani and P. Raghavan"
,        title = "Randomized Algorithms"
,        publisher = "Cambridge"
,        year = 1996
}


@InProceedings{GXZ01,
  author = 	 {L. Guibas and Feng Xie and Li Zhang},
  title = 	 {Kinetic Collision Detection : Algortithms and Experiments},
  booktitle = 	 {International Conference on Robotics and Automation},
  pages = 	 {2903-2910},
  year = 	 {2001},
  address = 	 {Seoul, Korea},
  month = 	 {May}
}